<record><leader>00000cas a2200000 a 4500</leader><controlfield tag="001">18235506</controlfield><controlfield tag="008">880719d19882003nyuwr ne      0   a0eng c</controlfield><datafield ind1=" " ind2=" " tag="010"><subfield code="a">sn 88074561 </subfield></datafield><datafield ind1=" " ind2=" " tag="040"><subfield code="a">NYG</subfield><subfield code="b">eng</subfield><subfield code="c">NYG</subfield><subfield code="d">NSD</subfield><subfield code="d">NYS</subfield><subfield code="d">NYG</subfield><subfield code="d">OCLCQ</subfield><subfield code="d">OCLCF</subfield><subfield code="d">OCLCO</subfield></datafield><datafield ind1=" " ind2=" " tag="012"><subfield code="m">1</subfield></datafield><datafield ind1="1" ind2=" " tag="022"><subfield code="a">1041-6250</subfield><subfield code="l">1041-6250</subfield><subfield code="2">1</subfield></datafield><datafield ind1="1" ind2=" " tag="029"><subfield code="a">AU@</subfield><subfield code="b">000020517876</subfield></datafield><datafield ind1=" " ind2=" " tag="032"><subfield code="a">669460</subfield><subfield code="b">USPS</subfield></datafield><datafield ind1=" " ind2=" " tag="042"><subfield code="a">pcc</subfield><subfield code="a">nsdp</subfield></datafield><datafield ind1=" " ind2=" " tag="043"><subfield code="a">n-us-ny</subfield></datafield><datafield ind1=" " ind2="4" tag="222"><subfield code="a">The Watkins review &amp; express</subfield></datafield><datafield ind1="0" ind2="4" tag="245"><subfield code="a">The Watkins review &amp; express.</subfield></datafield><datafield ind1="0" ind2="0" tag="246"><subfield code="a">Watkins review and express</subfield></datafield><datafield ind1=" " ind2=" " tag="260"><subfield code="a">Watkins Glen, N.Y. :</subfield><subfield code="b">Herzig Print. &amp; Pub.,</subfield><subfield code="c">1988-2003.</subfield></datafield><datafield ind1=" " ind2=" " tag="300"><subfield code="a">v. :</subfield><subfield code="b">ill. ;</subfield><subfield code="c">44 cm.</subfield></datafield><datafield ind1=" " ind2=" " tag="310"><subfield code="a">Weekly</subfield></datafield><datafield ind1="0" ind2=" " tag="362"><subfield code="a">Vol. 1, no. 1 (June 15, 1988)-   ;    -(June 25, 2003).</subfield></datafield><datafield ind1=" " ind2="0" tag="651"><subfield code="a">Watkins Glen (N.Y.)</subfield><subfield code="v">Newspapers.</subfield></datafield><datafield ind1=" " ind2="0" tag="651"><subfield code="a">Schuyler County (N.Y.)</subfield><subfield code="v">Newspapers.</subfield></datafield><datafield ind1=" " ind2="7" tag="655"><subfield code="a">Newspapers.</subfield><subfield code="2">fast</subfield><subfield code="0">(OCoLC)fst01423814</subfield></datafield><datafield ind1=" " ind2="7" tag="651"><subfield code="a">New York (State)</subfield><subfield code="z">Schuyler County.</subfield><subfield code="2">fast</subfield><subfield code="0">(OCoLC)fst01208406</subfield></datafield><datafield ind1=" " ind2="7" tag="651"><subfield code="a">New York (State)</subfield><subfield code="z">Watkins Glen.</subfield><subfield code="2">fast</subfield><subfield code="0">(OCoLC)fst01220235</subfield></datafield><datafield ind1=" " ind2=" " tag="752"><subfield code="a">United States</subfield><subfield code="b">New York</subfield><subfield code="c">Schuyler</subfield><subfield code="d">Watkins Glen.</subfield></datafield><datafield ind1="0" ind2="4" tag="780"><subfield code="t">Watkins review</subfield><subfield code="w">(DLC)sn 84031322</subfield><subfield code="w">(OCoLC)10848431</subfield></datafield><datafield ind1="0" ind2="4" tag="780"><subfield code="t">Watkins express</subfield><subfield code="w">(DLC)sn 83031751</subfield><subfield code="w">(OCoLC)10043720</subfield></datafield><datafield ind1="0" ind2="0" tag="785"><subfield code="t">Review &amp; express</subfield><subfield code="w">(DLC)  2004245005</subfield><subfield code="w">(OCoLC)54949821</subfield></datafield></record>